<record><leader>00000cas a2200000 a 4500</leader><controlfield tag="001">27010223</controlfield><controlfield tag="008">921121d19681970iludr ne      0   a0eng c</controlfield><datafield ind1=" " ind2=" " tag="010"><subfield code="a">sn2003060721</subfield></datafield><datafield ind1=" " ind2=" " tag="040"><subfield code="a">JED</subfield><subfield code="b">eng</subfield><subfield code="c">JED</subfield><subfield code="d">NVF</subfield><subfield code="d">JED</subfield><subfield code="d">CVF</subfield><subfield code="d">GK8</subfield><subfield code="d">OCLCQ</subfield><subfield code="d">NVF</subfield><subfield code="d">OCLCF</subfield></datafield><datafield ind1="1" ind2=" " tag="029"><subfield code="a">AU@</subfield><subfield code="b">000024586560</subfield></datafield><datafield ind1=" " ind2=" " tag="042"><subfield code="a">pcc</subfield></datafield><datafield ind1=" " ind2=" " tag="043"><subfield code="a">n-us-il</subfield></datafield><datafield ind1="0" ind2=" " tag="092"><subfield code="a">071.7731</subfield><subfield code="b">DES</subfield><subfield code="2">20</subfield></datafield><datafield ind1="0" ind2="4" tag="245"><subfield code="a">The Des Plaines day.</subfield></datafield><datafield ind1="1" ind2="0" tag="246"><subfield code="a">Day</subfield></datafield><datafield ind1=" " ind2=" " tag="260"><subfield code="a">Des Plaines, Ill. :</subfield><subfield code="b">Daily Publications,</subfield><subfield code="c">1968-1970.</subfield></datafield><datafield ind1=" " ind2=" " tag="300"><subfield code="a">2 v. :</subfield><subfield code="b">ill. ;</subfield><subfield code="c">57 cm.</subfield></datafield><datafield ind1=" " ind2=" " tag="310"><subfield code="a">Daily</subfield></datafield><datafield ind1="0" ind2=" " tag="362"><subfield code="a">Vol. 1, no. 1 (Aug. 26, 1968)-v. 2, no. 125 (Feb. 27, 1970).</subfield></datafield><datafield ind1=" " ind2=" " tag="580"><subfield code="a">Merged with: Cook County herald (Arlington Heights, Ill.), to form: Des Plaines herald-day.</subfield></datafield><datafield ind1=" " ind2="0" tag="651"><subfield code="a">Des Plaines (Ill.)</subfield><subfield code="v">Newspapers.</subfield></datafield><datafield ind1=" " ind2="7" tag="655"><subfield code="a">Newspapers.</subfield><subfield code="2">fast</subfield><subfield code="0">(OCoLC)fst01423814</subfield></datafield><datafield ind1=" " ind2="7" tag="651"><subfield code="a">Illinois</subfield><subfield code="z">Des Plaines.</subfield><subfield code="2">fast</subfield><subfield code="0">(OCoLC)fst01210719</subfield></datafield><datafield ind1=" " ind2=" " tag="752"><subfield code="a">United States</subfield><subfield code="b">Illinois</subfield><subfield code="c">Cook</subfield><subfield code="d">Des Plaines.</subfield></datafield><datafield ind1="1" ind2="7" tag="785"><subfield code="t">Cook County herald (Arlington Heights, Ill.)</subfield><subfield code="w">(DLC)sn 87062371</subfield><subfield code="w">(OCoLC)16770212</subfield></datafield><datafield ind1="1" ind2="7" tag="785"><subfield code="t">Des Plaines herald-day</subfield><subfield code="w">(DLC)sn 94054525</subfield><subfield code="w">(OCoLC)30840469</subfield></datafield></record>